%% This BibTeX bibliography file was created using BibDesk.
%% http://bibdesk.sourceforge.net/


%% Created for Csaba at 2013-10-22 18:33:30 +0300 


%% Saved with string encoding Unicode (UTF-8) 

@inproceedings{cardoso1994performance,
  title={On the performance of orthogonal source separation algorithms},
  author={Cardoso, Jean-Fran{\c{c}}ois and others},
  booktitle={Proc. EUSIPCO},
  volume={94},
  pages={776--779},
  year={1994},
  organization={Edinburgh, UK}
}

@inproceedings{frieze1996learning,
  title={Learning linear transformations},
  author={Frieze, Alan and Jerrum, Mark and Kannan, Ravi},
  booktitle={2013 IEEE 54th Annual Symposium on Foundations of Computer Science},
  pages={359--359},
  year={1996},
  organization={IEEE Computer Society}
}

@inproceedings{goyal2014fourier,
  title={Fourier PCA and robust tensor decomposition},
  author={Goyal, Navin and Vempala, Santosh and Xiao, Ying},
  booktitle={Proceedings of the 46th Annual ACM Symposium on Theory of Computing},
  pages={584--593},
  year={2014},
  organization={ACM}
}

@inproceedings{arora2012provable,
  title={Provable ICA with unknown Gaussian noise, with implications for Gaussian mixtures and autoencoders},
  author={Arora, Sanjeev and Ge, Rong and Moitra, Ankur and Sachdeva, Sushant},
  booktitle={Advances in Neural Information Processing Systems},
  pages={2375--2383},
  year={2012}
}

@article{Bir31,
	Author = {Birkhoff, G. D.},
	Booktitle = {Birkhoff, G. D. (1931). "Proof of the ergodic theorem". Proc. Natl. Acad. Sci. U.S.A. 17 (12): 656--660},
	Date-Added = {2013-10-22 18:32:42 +0300},
	Date-Modified = {2013-10-22 18:33:25 +0300},
	Journal = {Proc. Natl. Acad. Sci.},
	Pages = {656--660},
	Title = {Proof of the ergodic theorem},
	Volume = {17},
	Year = {1931}}

@book{Breiman92,
	Author = {Breiman, L.},
	Booktitle = {Probability},
	Date-Added = {2013-10-22 18:25:21 +0300},
	Date-Modified = {2013-10-22 18:27:10 +0300},
	Publisher = {SIAM},
	Series = {SIAM's Classics in Applied Mathematics},
	Title = {Probability},
	Year = {1992}}

@book{stewart1990matrix,
	Author = {Stewart, G.W. and Sun, {J.-g.}},
	Isbn = {9780126702309},
	Lccn = {lc90033378},
	Publisher = {Academic Press},
	Series = {Computer science and scientific computing},
	Title = {Matrix perturbation theory},
	Url = {http://books.google.ca/books?id=l78PAQAAMAAJ},
	Year = {1990},
	Bdsk-Url-1 = {http://books.google.ca/books?id=l78PAQAAMAAJ}}

@article{DHsu2012,
	Author = {Hsu, D. and Kakade, S.M.},
	Bibsource = {DBLP, http://dblp.uni-trier.de},
	Ee = {http://arxiv.org/abs/1206.5766},
	Journal = {CoRR},
	Title = {Learning {G}aussian Mixture Models: Moment Methods and Spectral Decompositions},
	Volume = {abs/1206.5766},
	Year = {2012}}


@article{aludaat2008note,
	Author = {Aludaat, K.M. and Alodat, M.T.},
	Journal = {Applied Mathematical Sciences},
	Number = {9},
	Pages = {425--429},
	Title = {A note on approximating the normal distribution function},
	Volume = {2},
	Year = {2008}}

@article{HyvOja00,
	Author = {Hyv{\"a}rinen, A. and Oja, E.},
	Bibsource = {DBLP, http://dblp.uni-trier.de},
	Ee = {http://dx.doi.org/10.1016/S0893-6080(00)00026-5},
	Journal = {Neural Networks},
	Number = {4--5},
	Pages = {411--430},
	Title = {Independent component analysis: algorithms and applications},
	Volume = {13},
	Year = {2000}}

@article{Darmois53,
	Author = {Darmois, G.},
	Journal = {Review of the International Statistical Insitute},
	Pages = {2--8},
	Title = {Analyse g\'en\'erale des liaisons stochastiques},
	Volume = {21},
	Year = 1953}

@article{Skitovich53,
	Author = {Skitovich, V.},
	Journal = {Doklady Academii nauk SSSR},
	Pages = {217--219},
	Title = {On a property of the normal distribution},
	Volume = {89},
	Year = 1953}

@article{cramer1936some,
	Author = {Cram{\'e}r, Harald and Wold, Herman},
	Journal = {Journal of the London Mathematical Society},
	Number = {4},
	Pages = {290--294},
	Publisher = {Oxford University Press},
	Title = {Some theorems on distribution functions},
	Volume = {1},
	Year = {1936}}

@book{Dur05,
	Author = {Durrett, R.},
	Edition = {3},
	Publisher = {Thomson},
	Title = {Probability (Theory and Examples)},
	Year = 2005}

@book{AtLa06,
	Author = {Athreya, K.B. and Lahiri, S.N.},
	Publisher = {Springer},
	Title = {Measure Theory and Probability Theory},
	Year = 2006}
	
	
@article{anandkumar2012method,
	  title={A method of moments for mixture models and hidden Markov models},
	  author={Anandkumar, Animashree and Hsu, Daniel and Kakade, Sham M},
	  journal={arXiv preprint arXiv:1203.0683},
	  year={2012}
	}

@article{anandkumar2012tensordecomposition,
  author    = {Anima Anandkumar and
               Rong Ge and
               Daniel Hsu and
               Sham M. Kakade and
               Matus Telgarsky},
  title     = {Tensor decompositions for learning latent variable models},
  journal   = {CoRR},
  volume    = {abs/1210.7559},
  year      = {2012},
  ee        = {http://arxiv.org/abs/1210.7559},
  bibsource = {DBLP, http://dblp.uni-trier.de}
}

%ITE toolbox:
@ARTICLE{szabo14information,
  AUTHOR =       {Zolt{\'a}n Szab{\'o}},
  TITLE =        {Information Theoretical Estimators Toolbox},
  JOURNAL =      {Journal of Machine Learning Research},
  YEAR =         {2014},
  volume =       {15},
  pages =        {283-287},
  note =         {(\url{https://bitbucket.org/szzoli/ite/})},
}

%ISA separation theorem and its generalizations = basis of the ISA/IPA solvers:
@ARTICLE{szabo12separation,
  AUTHOR =       {Zolt{\'a}n Szab{\'o} and Barnab{\'a}s P{\'o}czos and Andr{\'a}s L{\H{o}}rincz},
  TITLE =        {Separation Theorem for Independent Subspace Analysis and its Consequences},
  JOURNAL =      {Pattern Recognition},
  YEAR =         {2012},
  volume =       {45},
  issue =        {4},
  pages =        {1782-1791},
}

@article{comon1994independent,
  title={Independent component analysis, a new concept?},
  author={Comon, Pierre},
  journal={Signal processing},
  volume={36},
  number={3},
  pages={287--314},
  year={1994},
  publisher={Elsevier}
}

@article{Learned-Miller:2003:IUS:945365.964306,
 author = {Learned-Miller, Erik G. and III, John W. Fisher},
 title = {ICA Using Spacings Estimates of Entropy},
 journal = {J. Mach. Learn. Res.},
 issue_date = {12/1/2003},
 volume = {4},
 month = dec,
 year = {2003},
 issn = {1532-4435},
 pages = {1271--1295},
 numpages = {25},
 url = {http://dl.acm.org/citation.cfm?id=945365.964306},
 acmid = {964306},
 publisher = {JMLR.org},
} 

@article{zarzoso2010robust,
  title={Robust independent component analysis by iterative maximization of the kurtosis contrast with algebraic optimal step size},
  author={Zarzoso, Vicente and Comon, Pierre},
  journal={IEEE Transactions on Neural Networks},
  volume={21},
  number={2},
  pages={248--261},
  year={2010},
  publisher={IEEE}
}

@article{dermoune2013fastica,
  title={Fast{ICA} Algorithm: Five Criteria for the Optimal Choice of the Nonlinearity Function},
  author={Dermoune, Azzouz and Wei, Tianwen},
  journal={IEEE Transactions on Signal Processing},
  volume={61},
  number={5-8},
  pages={2078--2087},
  year={2013},
  publisher={Institute of Electrical and Electronics Engineers}
}

@inproceedings{frieze1996learning,
  title={Learning linear transformations},
  author={Frieze, Alan and Jerrum, Mark and Kannan, Ravi},
  booktitle={2013 IEEE 54th Annual Symposium on Foundations of Computer Science},
  pages={359--359},
  year={1996},
  organization={IEEE Computer Society}
}

@article{hyvarinen1999fast,
  title={Fast and robust fixed-point algorithms for independent component analysis},
  author={Hyvarinen, Aapo},
  journal={IEEE Transactions on Neural Networks},
  volume={10},
  number={3},
  pages={626--634},
  year={1999},
  publisher={IEEE}
}